% Encoding: UTF-8

@InProceedings{gilad2017algorand,
  author    = {Gilad, Yossi and Hemo, Rotem and Micali, Silvio and Vlachos, Georgios and Zeldovich, Nickolai},
  booktitle = {Proceedings of the 26th Symposium on Operating Systems Principles},
  title     = {Algorand: Scaling byzantine agreements for cryptocurrencies},
  year      = {2017},
  note      = {\url{https://people.csail.mit.edu/nickolai/papers/gilad-algorand-eprint.pdf}},
  pages     = {51--68},
  url       = {https://people.csail.mit.edu/nickolai/papers/gilad-algorand-eprint.pdf},
}

@Article{pypi_crypt,
  journal = {pypi.org},
  title   = {Open Source Cryptography Library},
  note    = {\url{https://pypi.org/project/cryptography/}},
}

@Article{abc_paper,
  author    = {Jakub Sliwinski and
               Roger Wattenhofer},
  title     = {{ABC:} Asynchronous Blockchain without Consensus},
  journal   = {CoRR},
  volume    = {abs/1909.10926},
  year      = {2019},
  url       = {http://arxiv.org/abs/1909.10926},
  archivePrefix = {arXiv},
  eprint    = {1909.10926},
  timestamp = {Fri, 27 Sep 2019 13:04:21 +0200},
  biburl    = {https://dblp.org/rec/journals/corr/abs-1909-10926.bib},
  bibsource = {dblp computer science bibliography, https://dblp.org}
}
@Comment{jabref-meta: databaseType:bibtex;}
